<collection xmlns="http://www.loc.gov/MARC21/slim">
<record>
  <leader>01161nam0a22002411i 450 </leader>
  <controlfield tag="001">IT\ICCU\CNCE\040424</controlfield>
  <controlfield tag="005">19981118000000.0</controlfield>
  <datafield tag="012" ind1=" " ind2=" ">
    <subfield code="a">i-to S.o. n-ta t.u- (C) 1578 (R)</subfield>
    <subfield code="2">fei</subfield>
  </datafield>
  <datafield tag="100" ind1=" " ind2=" ">
    <subfield code="a">19981118d1578        0itac0103    ba</subfield>
  </datafield>
  <datafield tag="101" ind1=" " ind2=" ">
    <subfield code="a">LAT</subfield>
  </datafield>
  <datafield tag="102" ind1=" " ind2=" ">
    <subfield code="a">IT</subfield>
  </datafield>
  <datafield tag="200" ind1="1" ind2=" ">
    <subfield code="a">Ad principes Christianos de Paschatis chronologia quaestiones 17. Pauli Clarantis interamnatis Nahartis</subfield>
  </datafield>
  <datafield tag="210" ind1=" " ind2=" ">
    <subfield code="a">Perusiae</subfield>
    <subfield code="c">apud Petrumiacobum Petrutium</subfield>
    <subfield code="d">1578</subfield>
  </datafield>
  <datafield tag="215" ind1=" " ind2=" ">
    <subfield code="a">\6! c.</subfield>
    <subfield code="d"></subfield>
  </datafield>
  <datafield tag="300" ind1=" " ind2=" ">
    <subfield code="a"></subfield>
  </datafield>
  <datafield tag="620" ind1=" " ind2=" ">
    <subfield code="a">IT</subfield>
    <subfield code="d">Perugia</subfield>
  </datafield>
  <datafield tag="712" ind1="0" ind2="0">
    <subfield code="a">Petrucci, Pietro Giacomo</subfield>
    <subfield code="3">IT\ICCU\CNCT\000870</subfield>
    <subfield code="4">650</subfield>
  </datafield>
  <datafield tag="791" ind1="0" ind2="0">
    <subfield code="a">Petrutius, Petrusiacobus</subfield>
    <subfield code="3">IT\ICCU\CNCT\002505</subfield>
    <subfield code="z">Petrucci, Pietro Giacomo</subfield>
  </datafield>
  <datafield tag="801" ind1=" " ind2="3">
    <subfield code="a">IT</subfield>
    <subfield code="b">ICCU</subfield>
    <subfield code="c">20201114</subfield>
  </datafield>
  <datafield tag="899" ind1=" " ind2=" ">
    <subfield code="a">Biblioteca nazionale centrale. Firenze</subfield>
    <subfield code="1">FI0098</subfield>
    <subfield code="2">CFI CF</subfield>
  </datafield>
  <datafield tag="899" ind1=" " ind2=" ">
    <subfield code="a">Biblioteca nazionale centrale. Roma</subfield>
    <subfield code="1">RM0267</subfield>
    <subfield code="2">BVE CR</subfield>
  </datafield>
  <datafield tag="911" ind1=" " ind2=" ">
    <subfield code="a">Sul front.</subfield>
    <subfield code="9">IT\ICCU\CNCM\000120</subfield>
  </datafield>
  <datafield tag="921" ind1=" " ind2=" ">
    <subfield code="a">IT\ICCU\CNCM\000120</subfield>
    <subfield code="b">Serpente si erge da una pietra variegata. In alto il sole. In cornice figurata</subfield>
    <subfield code="e">In frigido frigidus ardens.</subfield>
    <subfield code="c">V173</subfield>
    <subfield code="d">8 x 8,5 cm.</subfield>
    <subfield code="f">GHIACCIO</subfield>
    <subfield code="f">INFRIGIDOF</subfield>
    <subfield code="f">SERPENTE</subfield>
    <subfield code="f">SOLE</subfield>
    <subfield code="g">1576-1600</subfield>
  </datafield>
</record>
</collection>
